@inproceedings{JowhariST11,
  title={Tight bounds for lp samplers, finding duplicates in streams, and related problems},
  author={Jowhari, Hossein and Sa{\u{g}}lam, Mert and Tardos, G{\'a}bor},
  booktitle={Proceedings of the 30$^{th}$ ACM SIGMOD-SIGACT-SIGART Symposium on Principles of Database Systems (PODS)},
  pages={49--58},
  year={2011},
  organization={ACM}
}