% ========================
%% papers on l0 sampling
@article{KapralovNPWWY17,
  author    = {Michael Kapralov and
               Jelani Nelson and
               Jakub Pachocki and
               Zhengyu Wang and
               David P. Woodruff and
               Mobin Yahyazadeh},
  title     = {Optimal lower bounds for universal relation, and for samplers and
               finding duplicates in streams},
  journal   = {CoRR},
  volume    = {abs/1704.00633},
  year      = {2017},
  url       = {http://arxiv.org/abs/1704.00633},
  timestamp = {Wed, 07 Jun 2017 14:43:16 +0200},
  biburl    = {http://dblp.uni-trier.de/rec/bib/journals/corr/KapralovNPWWY17},
  bibsource = {dblp computer science bibliography, http://dblp.org}
}

@inproceedings{JowhariST11,
  title={Tight bounds for {Lp} samplers, finding duplicates in streams, and related problems},
  author={Jowhari, Hossein and Sa{\u{g}}lam, Mert and Tardos, G{\'a}bor},
  booktitle={Proceedings of the 30$^{th}$ ACM SIGMOD-SIGACT-SIGART Symposium on Principles of Database Systems (PODS)},
  pages={49--58},
  year={2011},
  organization={ACM}
}

@article{CormodeF14,
  author    = {Graham Cormode and
               Donatella Firmani},
  title     = {A unifying framework for $\ell_0$-sampling algorithms},
  journal   = {Distributed and Parallel Databases},
  volume    = {32},
  number    = {3},
  pages     = {315--335},
  year      = {2014},
  note      = {Preliminary version in ALENEX 2013.}
}
% ========================

% ========================
%% papers that introduced lp sampling
@inproceedings{MonemizadehW10,
  author    = {Morteza Monemizadeh and
               David P. Woodruff},
  title     = {1-Pass Relative-Error $L_p$-Sampling with Applications},
  booktitle = {Proceedings of the 21$^{st}$ Annual {ACM-SIAM} Symposium on Discrete
               Algorithms (SODA)},
  pages     = {1143--1160},
  year      = {2010},
}

@article{FrahlingIS08,
  author    = {Gereon Frahling and
               Piotr Indyk and
               Christian Sohler},
  title     = {Sampling in Dynamic Data Streams and Applications},
  journal   = {Int. J. Comput. Geometry Appl.},
  volume    = {18},
  number    = {1/2},
  pages     = {3--28},
  year      = {2008},
  note      = {Preliminary version in SOCG 2005.}
}
% ========================

% ========================
%% survey on l0 sampling as a tool in graph algorithms
@article{McGregor14,
  author    = {Andrew McGregor},
  title     = {Graph stream algorithms: a survey},
  journal   = {{SIGMOD} Record},
  volume    = {43},
  number    = {1},
  pages     = {9--20},
  year      = {2014},
}
% ========================

% ========================
%% papers that use l0 sampling in streaming algorithms
@inproceedings{AhnGM12b,
  author    = {Kook Jin Ahn and
               Sudipto Guha and
               Andrew McGregor},
  title     = {Graph sketches: sparsification, spanners, and subgraphs},
  booktitle = {Proceedings of the 31$^{st}$ {ACM} {SIGMOD-SIGACT-SIGART} Symposium on
               Principles of Database Systems (PODS)},
  pages     = {5--14},
  year      = {2012},
}

@inproceedings{AhnGM12a,
  author    = {Kook Jin Ahn and
               Sudipto Guha and
               Andrew McGregor},
  title     = {Analyzing graph structure via linear measurements},
  booktitle = {Proceedings of the 23$^{rd}$ {ACM-SIAM} Symposium on Discrete
               Algorithms (SODA)},
  pages     = {459--467},
  year      = {2012},
}

@inproceedings{ChitnisCHM15,
  author    = {Rajesh Hemant Chitnis and
               Graham Cormode and
               Mohammad Taghi Hajiaghayi and
               Morteza Monemizadeh},
  title     = {Parameterized Streaming: Maximal Matching and Vertex Cover},
  booktitle = {Proceedings of the 26$^{th}$ Annual {ACM-SIAM} Symposium on Discrete Algorithms (SODA)},
  pages     = {1234--1251},
  year      = {2015},
}

@inproceedings{ChitnisCEHMMV16,
  author    = {Rajesh Chitnis and
               Graham Cormode and
               Hossein Esfandiari and
               MohammadTaghi Hajiaghayi and
               Andrew McGregor and
               Morteza Monemizadeh and
               Sofya Vorotnikova},
  title     = {Kernelization via Sampling with Applications to Finding Matchings
               and Related Problems in Dynamic Graph Streams},
  booktitle = {Proceedings of the 27$^{th}$ Annual {ACM-SIAM} Symposium on Discrete Algorithms (SODA)},
  pages     = {1326--1344},
  year      = {2016},
}

@inproceedings{McGregorTVV15,
  author    = {Andrew McGregor and
               David Tench and
               Sofya Vorotnikova and
               Hoa T. Vu},
  title     = {Densest Subgraph in Dynamic Graph Streams},
  booktitle = {Proceedings of the 40$^{th}$ International Symposium on Mathematical Foundations of Computer Science (MFCS)},
  pages     = {472--482},
  year      = {2015},
}

@inproceedings{AhnGM13,
  author    = {Kook Jin Ahn and
               Sudipto Guha and
               Andrew McGregor},
  title     = {Spectral Sparsification in Dynamic Graph Streams},
  booktitle = {Proceedings of the 16$^{th}$ International Workshop on Approximation Algorithms for Combinatorial Optimization Problems (APPROX)},
  pages     = {1--10},
  year      = {2013},
}

@inproceedings{GuhaMT15,
  author    = {Sudipto Guha and
               Andrew McGregor and
               David Tench},
  title     = {Vertex and Hyperedge Connectivity in Dynamic Graph Streams},
  booktitle = {Proceedings of the 34$^{th}$ {ACM} Symposium on Principles of Database
               Systems (PODS)},
  pages     = {241--247},
  year      = {2015},
}

@inproceedings{EsfandiariHW16,
  author    = {Hossein Esfandiari and
               MohammadTaghi Hajiaghayi and
               David P. Woodruff},
  title     = {Brief Announcement: Applications of Uniform Sampling: Densest Subgraph and Beyond},
  booktitle = {Proceedings of the 28$^{th}$ {ACM} Symposium on Parallelism in Algorithms
               and Architectures (SPAA)},
  pages     = {397--399},
  year      = {2016},
}

@inproceedings{BhattacharyaHNT15,
  author    = {Sayan Bhattacharya and
               Monika Henzinger and
               Danupon Nanongkai and
               Charalampos E. Tsourakakis},
  title     = {Space- and Time-Efficient Algorithm for Maintaining Dense Subgraphs on One-Pass Dynamic Streams},
  booktitle = {Proceedings of the 47$^{th}$ Annual {ACM} on Symposium on Theory of Computing (STOC)},
  pages     = {173--182},
  year      = {2015},
}

@inproceedings{Konrad15,
  author    = {Christian Konrad},
  title     = {Maximum Matching in Turnstile Streams},
  booktitle = {Proceedings of the 23$^{rd}$ Annual European Symposium on Algorithms (ESA)},
  pages     = {840--852},
  year      = {2015},
}

@inproceedings{BuryS15,
  author    = {Marc Bury and
               Chris Schwiegelshohn},
  title     = {Sublinear Estimation of Weighted Matchings in Dynamic Data Streams},
  booktitle = {Proceedings of the 23$^{rd}$ Annual European Symposium on Algorithms (ESA)},
  pages     = {263--274},
  year      = {2015},
}

@inproceedings{AssadiKLY16,
  author    = {Sepehr Assadi and
               Sanjeev Khanna and
               Yang Li and
               Grigory Yaroslavtsev},
  title     = {Maximum Matchings in Dynamic Graph Streams and the Simultaneous Communication Model},
  booktitle = {Proceedings of the 27$^{th}$ Annual {ACM-SIAM} Symposium on Discrete Algorithms (SODA)},
  pages     = {1345--1364},
  year      = {2016},
}

@inproceedings{AssadiKL17,
  author    = {Sepehr Assadi and
               Sanjeev Khanna and
               Yang Li},
  title     = {On Estimating Maximum Matching Size in Graph Streams},
  booktitle = {Proceedings of the 28$^{th}$ Annual {ACM-SIAM} Symposium on Discrete Algorithms (SODA)},
  pages     = {1723--1742},
  year      = {2017},
}

@inproceedings{FarachColtonT16,
  author    = {Martin Farach{-}Colton and
               Meng{-}Tsung Tsai},
  title     = {Tight Approximations of Degeneracy in Large Graphs},
  booktitle = {Proceedings of the 12$^{th}$ Latin American Symposium on Theoretical Informatics (LATIN)},
  pages     = {429--440},
  year      = {2016},
}
% ========================

% ========================
%% papers that use l0 samplers in distributed algorithms
@inproceedings{HegemanPPSS15,
  author    = {James W. Hegeman and
               Gopal Pandurangan and
               Sriram V. Pemmaraju and
               Vivek B. Sardeshmukh and
               Michele Scquizzato},
  title     = {Toward Optimal Bounds in the Congested Clique: Graph Connectivity
               and {MST}},
  booktitle = {Proceedings of the 34$^{th}$ Annual {ACM} Symposium on Principles of Distributed Computing (PODC)},
  pages     = {91--100},
  year      = {2015},
}

@inproceedings{Pandurangan0S16,
  author    = {Gopal Pandurangan and
               Peter Robinson and
               Michele Scquizzato},
  title     = {Fast Distributed Algorithms for Connectivity and {MST} in Large Graphs},
  booktitle = {Proceedings of the 28$^{th}$ {ACM} Symposium on Parallelism in Algorithms and Architectures (SPAA)},
  pages     = {429--438},
  year      = {2016},
}
% ========================

% ========================
%% papers that use l0 samplers for dynamic graph algorithms
%% (specifically Monte Carlo data structures for dynamic connectivity)
@inproceedings{KapronKM13,
  author    = {Bruce M. Kapron and
               Valerie King and
               Ben Mountjoy},
  title     = {Dynamic graph connectivity in polylogarithmic worst case time},
  booktitle = {Proceedings of the 24$^{th}$ Annual {ACM-SIAM} Symposium on Discrete Algorithms (SODA)},
  pages     = {1131--1142},
  year      = {2013},
}

@article{Wang15,
  author    = {Zhengyu Wang},
  title     = {An Improved Randomized Data Structure for Dynamic Graph Connectivity},
  journal   = {CoRR},
  volume    = {abs/1510.04590},
  year      = {2015},
}

@article{GibbKKT15,
  author    = {David Gibb and
               Bruce M. Kapron and
               Valerie King and
               Nolan Thorn},
  title     = {Dynamic graph connectivity with improved worst case update time and sublinear space},
  journal   = {CoRR},
  volume    = {abs/1509.06464},
  year      = {2015},
}
% ========================
@inproceedings{KaneNW10,
  author    = {Daniel M. Kane and
               Jelani Nelson and
               David P. Woodruff},
  title     = {An optimal algorithm for the distinct elements problem},
  booktitle = {Proceedings of the 29$^{th}$ ACM SIGMOD-SIGACT-SIGART Symposium on Principles of Database Systems (PODS)},
  year      = {2010},
  pages     = {41--52},
}

@inproceedings{CoppersmithK04,
  author    = {Don Coppersmith and
               Ravi Kumar},
  title     = {An improved data stream algorithm for frequency moments},
  booktitle = {Proceedings of the 15$^{th}$ Annual {ACM-SIAM} Symposium on Discrete
               Algorithms (SODA)},
  pages     = {151--156},
  year      = {2004},
}

@inproceedings{CormodeMR05,
  author    = {Graham Cormode and
               S. Muthukrishnan and
               Irina Rozenbaum},
  title     = {Summarizing and Mining Inverse Distributions on Data Streams via Dynamic
               Inverse Sampling},
  booktitle = {Proceedings of the 31$^{st}$ International Conference on Very Large Data
               Bases (VLDB)},
  pages     = {25--36},
  year      = {2005},
}

@inproceedings{AndoniKO11,
  author    = {Alexandr Andoni and
               Robert Krauthgamer and
               Krzysztof Onak},
  title     = {Streaming Algorithms via Precision Sampling},
  booktitle = {Proceedings of the 52$^{nd}$ Annual IEEE Symposium on Foundations of Computer Science (FOCS)},
  pages     = {363--372},
  year      = {2011},
}

@article{KarchmerW90,
  author    = {Mauricio Karchmer and
               Avi Wigderson},
  title     = {Monotone Circuits for Connectivity Require Super-Logarithmic Depth},
  journal   = {{SIAM} J. Discrete Math.},
  volume    = {3},
  number    = {2},
  pages     = {255--265},
  year      = {1990},
}

@inproceedings{TardosZ97,
  author    = {G{\'{a}}bor Tardos and
               Uri Zwick},
  title     = {The Communication Complexity of the Universal Relation},
  booktitle = {Proceedings of the 12$^{th}$ Annual {IEEE} Conference on Computational
               Complexity (CCC)},
  pages     = {247--259},
  year      = {1997},
}

@PHDTHESIS{Karchmer89,
  author       = {Mauricio Karchmer}, 
  title        = {A new approach to circuit depth},
  school       = {MIT},
  year         = 1989,
}

@article{MiltersenNSW98,
  author    = {Peter Bro Miltersen and
               Noam Nisan and
               Shmuel Safra and
               Avi Wigderson},
  title     = {On Data Structures and Asymmetric Communication Complexity},
  journal   = {J. Comput. Syst. Sci.},
  volume    = {57},
  number    = {1},
  pages     = {37--49},
  year      = {1998},
}

@inproceedings{ErgunJS10,
  author    = {Funda Erg{\"{u}}n and
               Hossein Jowhari and
               Mert Sa{\u{g}}lam},
  title     = {Periodicity in Streams},
  booktitle = {Proceedings of the 14$^{th}$ International Workshop on Randomization and Approximation Techniques in Computer Science (RANDOM)}, 
  pages     = {545--559},
  year      = {2010},
}

@article{JayramW13,
  author    = {T. S. Jayram and
               David P. Woodruff},
  title     = {Optimal Bounds for {Johnson}-{Lindenstrauss} Transforms and Streaming
               Problems with Subconstant Error},
  journal   = {{ACM} Trans. Algorithms},
  volume    = {9},
  number    = {3},
  pages     = {26:1--26:17},
  year      = {2013},
}

@article{KarchmerRW95,
  title={Super-logarithmic depth lower bounds via the direct sum in communication complexity},
  author={Mauricio Karchmer and Ran Raz and Avi Wigderson},
  journal={Computational Complexity},
  volume={5},
  number={3-4},
  pages={191--204},
  year={1995},
  publisher={Springer}
}

@inproceedings{GopalanR09,
  author    = {Parikshit Gopalan and
               Jaikumar Radhakrishnan},
  title     = {Finding duplicates in a data stream},
  booktitle = {Proceedings of the 20$^{th}$ Annual {ACM-SIAM} Symposium on Discrete Algorithms (SODA)},
  pages     = {402--411},
  year      = {2009},
}

@article{Muthukrishnan05,
  author    = {S. Muthukrishnan},
  title     = "{Data Streams: Algorithms and Applications}",
  journal   = {Foundations and Trends in Theoretical Computer Science},
  volume    = {1},
  number    = {2},
  pages     = "117--236",
  year      = {2005},
}

@inproceedings{Tarui07,
  author = {Jun Tarui},
  title = {Finding a duplicate and a missing item in a stream},
  booktitle = {Proceedings of the 4$^{th}$ Annual Conference on Theory and Applications of Models of Computation (TAMC)},
  pages = "128--135",
  year = 2007,
}

@inproceedings{EIRS91,
  author = {Jack Edmonds and Russell Impagliazzo and Steven Rudich and Jiri Sgall},
  title = {Communication Complexity towards Lower Bounds on Circuit Depth},
  booktitle = {Proceedings of the 32$^{nd}$ Annual IEEE Symposium on the Foundations of Computer Science (FOCS)},
  pages = "249--257",
  year = 1991,
}

@inproceedings{DinurM16,
  author    = {Irit Dinur and
               Or Meir},
  title     = {Toward the {KRW} Composition Conjecture: Cubic Formula Lower Bounds
               via Communication Complexity},
  booktitle = {Proceedings of the 31$^{st}$ Conference on Computational Complexity (CCC)},
  pages     = {3:1--3:51},
  year      = {2016},
}

@inproceedings{GavinskyMWW14,
  author    = {Dmitry Gavinsky and
               Or Meir and
               Omri Weinstein and
               Avi Wigderson},
  title     = {Toward better formula lower bounds: an information complexity approach
               to the {KRW} composition conjecture},
  booktitle = {Proceedings of the 46$^{th}$ Annual ACM Symposium on Theory of Computing (STOC)},
  pages     = {213--222},
  year      = {2014},
}

@inproceedings{HastadW90,
  author    = {Johan H{\aa}stad and
               Avi Wigderson},
  title     = {Composition of the Universal Relation},
  booktitle = {Proceedings of a {DIMACS} Workshop on Advances In Computational Complexity Theory},
  pages     = {119--134},
  year      = {1990},
}

@inproceedings{KapralovLMMS14,
  author    = {Michael Kapralov and
               Yin Tat Lee and
               Cameron Musco and
               Christopher Musco and
               Aaron Sidford},
  title     = {Single Pass Spectral Sparsification in Dynamic Streams},
  booktitle = {Proceedings of the 55$^{th}$ {IEEE} Annual Symposium on Foundations of Computer Science (FOCS)},
  pages     = {561--570},
  year      = {2014},
}

@article{NelsonPW17,
  author  = {Jelani Nelson and Jakub Pachocki and Zhengyu Wang},
  title   = {Optimal lower bounds for universal relation, samplers, and finding duplicates},
  journal = {CoRR},
  volume  = {abs/1703.08139},
  month   = mar,
  year    = 2017,
}

@article{DodisORS08,
  author    = {Yevgeniy Dodis and
               Rafail Ostrovsky and
               Leonid Reyzin and
               Adam D. Smith},
  title     = {Fuzzy Extractors: How to Generate Strong Keys from Biometrics and Other Noisy Data},
  journal   = {{SIAM} J. Comput.},
  volume    = {38},
  number    = {1},
  pages     = {97--139},
  year      = {2008},
}

@article{Nisan92,
  author    = {Noam Nisan},
  title     = {Pseudorandom generators for space-bounded computation},
  journal   = {Combinatorica},
  volume    = {12},
  number    = {4},
  pages     = {449--461},
  year      = {1992},
}